<?xml version="1.0" encoding="UTF-8"?><collection xmlns="http://www.loc.gov/MARC21/slim"><record><leader>00363nam--2200133-i-4500</leader><controlfield tag="001">000024513</controlfield><controlfield tag="002">20161230</controlfield><controlfield tag="005">20161230201035</controlfield><controlfield tag="008">060222s1000------------r-----000-0-eng-d</controlfield><datafield ind1=" " ind2=" " tag="080"><subfield code="a">54:530.145</subfield></datafield><datafield ind1=" " ind2=" " tag="100"><subfield code="a">Hillebrand, Mihaela Si Sahini, Victor</subfield></datafield><datafield ind1=" " ind2=" " tag="245"><subfield code="a">Chimie cuantica in exemple si aplicatii</subfield></datafield><datafield ind1=" " ind2=" " tag="260"><subfield code="a">Bucuresti, Ed.Acad.R.S.R., 1985, 382 P</subfield></datafield><datafield ind1=" " ind2=" " tag="852"><subfield code="a">72331</subfield></datafield></record></collection>